@inproceedings{you2016asynchronous,
      title={Asynchronous Parallel Greedy Coordinate Descent},
      author={You, Yang and Lian, Xiangru and Liu, Ji and Yu, Hsiang-Fu and Dhillon, Inderjit S and Demmel, James and Hsieh, Cho-Jui},
      booktitle={Advances in Neural Information Processing Systems},
      pages={4682--4690},
      year={2016}
}

@inproceedings{genevay2016stochastic,
      title={Stochastic optimization for large-scale optimal transport},
      author={Genevay, Aude and Cuturi, Marco and Peyr{\'e}, Gabriel and Bach, Francis},
      booktitle={Advances in Neural Information Processing Systems},
      pages={3432--3440},
      year={2016}
}

@inproceedings{dohmatob2016learning,
     title={Learning brain regions via large-scale online structured sparse dictionary learning},
     author={Dohmatob, Elvis and Mensch, Arthur and Varoquaux, Gael and Thirion, Bertrand},
     booktitle={Advances In Neural Information Processing Systems},
     pages={4610--4618},
     year={2016}
}

@inproceedings{bachem2016fast,
      title={Fast and Provably Good Seedings for k-Means},
      author={Bachem, Olivier and Lucic, Mario and Hassani, Hamed and Krause, Andreas},
      booktitle={Advances in Neural Information Processing Systems},
      pages={55--63},
      year={2016}
}

@inproceedings{nutini2015coordinate,
      title={Coordinate Descent Converges Faster with the Gauss-Southwell Rule Than Random Selection},
      author={Nutini, Julie and Schmidt, Mark and Laradji, Issam and Friedlander, Michael and Koepke, Hoyt},
      booktitle={Proceedings of the 32nd International Conference on Machine Learning (ICML-15)},
      pages={1632--1641},
      year={2015}
}

@article{liu2015asynchronous,
  title={An asynchronous parallel stochastic coordinate descent algorithm},
  author={Liu, Ji and Wright, Stephen J and R{\'e}, Christopher and Bittorf, Victor and Sridhar, Srikrishna},
  journal={Journal of Machine Learning Research},
  volume={16},
  number={285-322},
  pages={1--5},
  year={2015}
}
@article{li2009coordinate,
  title={Coordinate descent optimization for $\ell_1$ minimization with application to compressed sensing; a greedy algorithm},
  author={Li, Yingying and Osher, Stanley},
  journal={Inverse Probl. Imaging},
  volume={3},
  number={3},
  pages={487--503},
  year={2009}
}
@article{friedman2007pathwise,
  title={Pathwise coordinate optimization},
  author={Friedman, Jerome and Hastie, Trevor and H{\"o}fling, Holger and Tibshirani, Robert and others},
  journal={The Annals of Applied Statistics},
  volume={1},
  number={2},
  pages={302--332},
  year={2007},
  publisher={Institute of Mathematical Statistics}
}

@inproceedings{Scherrer2012,
arxivId = {arXiv:1212.4174v1},
author = {Scherrer, Chad and Tewari, Ambuj and Halappanavar, Mahantesh and Haglin, David J.},
booktitle = {Advances in Neural Information Processing Systems (NIPS)},
eprint = {arXiv:1212.4174v1},
file = {:home/tom/.local/share/data/Mendeley Ltd./Mendeley Desktop/Downloaded/Scherrer et al. - 2012 - Feature Clustering for Accelerating Parallel Coordinate Descent.pdf:pdf},
isbn = {9781627480031},
issn = {10495258},
mendeley-groups = {Optim/Distributed,Optim/Distributed/Coordinate Descent},
number = {Cd},
pages = {1--9},
title = {{Feature Clustering for Accelerating Parallel Coordinate Descent}},
year = {2012}
}
@article{hsieh2015passcode,
  title={Passcode: Parallel asynchronous stochastic dual co-ordinate descent},
  author={Hsieh, Cho-Jui and Yu, Hsiang-Fu and Dhillon, Inderjit S},
  journal={inproceedings of the International Conference of Machine Learning (ICML)},
  year={2015}
}

